%https://www.doi2bib.org/

@Article{vandersandt,
author = {van der Sandt, Rob A},
year = {1992},
title = {Presupposition Projection as Anaphora Resolution},
journal = {Journal of Semantics},
volume = {9},
pages = {333-77},
}

@Book{wilson,
author = {Wilson, Deirdre},
year = {1975},
title = {Presuppositions and Non-truth-conditional Semantics},
address = {London},
publisher = {Academic Press},
}

@Book{hymes-foundations,
author = {Hymes, Dell H.},
year = {1974},
title = {Foundations in Sociolinguistics: An Ethnographic Approach},
address = {Philadelphia},
publisher = {University of Pennsylvania Press},
}

@Book{hymes-studies,
editor = {Hymes, Dell H.},
year = {1974},
title = {Studies in the History of Linguistics: Traditions and Paradigms},
address = {Bloomington},
publisher = {Indiana University Press},
}

@Book{hymes-language,
author = {Hymes, Dell H},
year = {1980},
title = {Language in Education: Ethnolinguistic Essays},
address = {Washington, DC},
publisher = {Center for Applied Linguistics},
}

@Article{sprouse,
author = {Sprouse, Jon and Matt Wagers and Colin Phillips},
year = {2011},
title = {A Test of the Relation Between Working Memory Capacity and Syntactic Island Effects},
journal = {Language},
note = {to appear},
}

@Book{butt,
editor = {Butt, Miriam and Wilhelm Geuder},
year = {1998},
title = {The Projection of Arguments: Lexical and Compositional Factors},
address = {Stanford, CA},
publisher = {CSLI Publications},
}

@InCollection{croft,
author = {Croft, William},
title = {Event Structure in Argument Linking},
pages = {21-63},
crossref = {butt},
}

@Unpublished{donohue,
author = {Donohue, Mark},
year = {2009},
title = {Geography is More Robust than Linguistics},
note = {Science e-letter, 13 August 2009},
url = {http://www.sciencemag.org/cgi/eletters/324/5926/464-c},
}

@InProceedings{saltzman,
author = {Saltzman, Elliot and Hosung Nam and Jelena Krivokapic and Louis Goldstein},
year = {2008},
title = {A Task-dynamic Toolkit for Modeling the Effects of Prosodic Structure on Articulation},
booktitle = {Proceedings of the 4th {I}nternational {C}onference on {S}peech {P}rosody ({S}peech {P}rosody 2008)},
address = {Campinas},
pages = {175-84},
url = {http://aune.lpl.univ-aix.fr/\textasciitilde sprosig/sp2008/papers/3inv.pdf},
}

@Unpublished{sundell,
author = {Sundell, Timothy R},
year = {2009},
title = {Metalinguistic Disagreement},
address = {Ann Arbor},
organization = {University of Michigan}, 
note = {MS},
url = {http://faculty.wcas.northwestern.edu/\textasciitilde trs341/papers.html},
}

@Book{dorian,
editor = {Dorian, Nancy C.},
year = {1989},
title = {Investigating Obsolescence},
address = {Cambridge},
publisher = {Cambridge University Press},
}

@Article{gropen,
author = {Gropen, Jess and Steven Pinker and Michelle Hollander and Richard Goldberg and Ronald Wilson},
year = {1989},
title = {The Learnability and Acquisition of the Dative Alternation in {E}nglish},
journal = {Language},
volume = {65},
pages = {203-57},
}

@Article{hale,
author = {Kenneth Hale and Josie {White Eagle}},
year = {1980},
title = {A Preliminary Metrical Account of {W}innebago Accent}, 
journal = {International Journal of American Linguistics},
volume = {46},
pages = {117-32},
}

@Unpublished{miner,
author = {Miner, Kenneth},
year = {1990},
title = {{W}innebago Accent: The Rest of the Data},
address = {Lawrence},
organization = {University of Kansas}, 
note = {MS}
}

@Article{perlmutter,
author = {Perlmutter, David M},
year = {1978},
title = {Impersonal Passives and the Unaccusative Hypothesis},
journal = {Berkeley Linguistics Society},
volume = {4},
pages = {157--89},
}

@PhdThesis{poser,
author = {Poser, William},
year = {1984},
title = {The Phonetics and Phonology of Tone and Intonation in {J}apanese},
address = {Cambridge, MA},
school = {MIT},
}

@Unpublished{prince,
author = {Prince, Ellen},
year = {1991},
title = {Relative Clauses, Resumptive Pronouns, and Kind-sentences},
note = {Paper presented at the annual meeting of the Linguistic Society of America, Chicago},
}

@Book{rice,
author = {Rice, Keren},
year = {1989},
title = {A Grammar of {S}lave},
address = {Berlin},
publisher = {Mouton de Gruyter},
}

@Article{singler,
author = {Singler, John Victor},
year = {1992},
title = {Review of {M}elanesian {E}nglish and the {O}ceanic Substrate, by {R}oger {M}. {K}eesing},
journal = {Language},
volume = {68},
pages = {176--82},
}

@Article{stockwell,
author = {Stockwell, Robert P},
year = {1993},
title = {Obituary of {D}wight {L}. {B}olinger},
journal = {Language},
volume = {69},
pages = {99--112},
}

@Article{tiersma,
author = {Tiersma, Peter M},
year = {1993},
title = {Linguistic Issues in the Law},
journal = {Language},
volume = {69},
pages = {113--37},
}

@InCollection{yip,
author = {Yip, Moira},
year = {1991},
title = {Coronals, consonant clusters, and the coda condition},
booktitle = {The Special Status of Coronals: Internal and External Evidence}, 
editor = {Carole Paradis and Jean-Fran\c{c}ois Prunet}, 
pages = {61-78},
address = {San Diego, CA},
publisher = {Academic Press},
}

@article{morgan2015experimental,
  title={Experimental evidence for the co-evolution of hominin tool-making teaching and language},
  author={Morgan, TJH and Uomini, NT and Rendell, LE and Chouinard-Thuly, L and Street, SE and Lewis, HM and Cross, CP and Evans, C and Kearney, R and de la Torre, I and others},
  journal={Nature communications},
  volume={6},
  year={2015},
  publisher={Nature Publishing Group}
}

@book{haspelmath1993grammar,
  title={A grammar of Lezgian},
  author={Haspelmath, Martin},
  year={1993},
  publisher={Walter de Gruyter}
}


